LDR  01458nam  2200325   4500
001  UCb102650214
005  20020510143000.0
008  831129 1979    au                  nah d
035       $a (OCoLC) 213982210
035       $a CUBU18368018-B
035       $a GLADN33555865
079       $a 21703007
090       $d xf $a F1219 $b .C7344 1979
130  00   $a Codex Râios.
245  10   $a Codex vaticanus 3738 : $b Cod. Vat. A, Cod. Râios der Biblioteca Apostolica Vaticana : Fabreproduktion des Codex in verkleinertem Format
260  0    $a Graz, Austria : $b Akademische Druck- u. Verlagsanstalt, $c 1979
300       $a 96 leaves : $b col. ill., facsims. ; $c 35 cm
490  1    $a Codices e Vaticanis selecti quam simillime expressi jussu Joannis Pauli PP. II ; $v v. 36
490  1    $a Codices selecti phototypice impressi ; $v v. 65
500       $a BER: 1ST 852 HAS CALL NUM IN SUBFLD h SUBFLD i; OUTPUT AS IS. 2ND 852 HAS CALL NUM IN 852 SUBFLD j; OUTPUT AS IS (07/09).
500       $a "The manuscript itself was composed between 1570 and 1589 on the Plateau of Mexico or already in Italy": Introd. note
650   0   $a Manuscripts, Mexican $x Facsimiles.
650   0   $a Indians of Mexico $x Languages $x Writing.
700  10   $a Râios, Pedro de los.
752       $a Austria $d Graz
830   0   $a Codices e Vaticanis selecti ; $v v. 36
830   0   $a Codices selecti phototypice impressi ; $v v. 65
852       $a BER $b tb $h F1219 $i .C7344 1979 $k xf
852       $a BER $b ma $j F1219 .C7344 1979 $k xf
901       $a BER $b 102650214

Record 7
